
@incollection{Lebeau,
  author = {Lebeau, G.},
  year = {1996},
  publisher = {Springer Netherlands},
  pages = {73-109},
  title = {Equation des Ondes Amorties},
  booktitle = {Algebraic and Geometric Methods in Mathematical Physics}
}

@article{Mor1,
author = {Morawetz,  C. S.},
journal = {Comm. Pure Appl. Math},
pages = {439-444},
title = {Exponential decay of solutions of the wave equation},
volume = {19},
year = {1966},
}

@article{Mor2,
author = {Morawetz,  C. S.},
journal = {Proc. Roy Soc. Ser. A},
pages = {291-296},
title = {Time decay for the nonlinear {K}lein-{G}ordon equations},
volume = {306},
year = {1968},
}

@article{Mor3,
author = {Morawetz,  C. S.},
journal = {Comm. Pure Appl. Math},
pages = {229-264},
title = {Decay for solutions of the exterior problem for the wave equation},
volume = {28},
year = {1975},
}

@unpublished{MorWun,
author = {Morgan, K. and Wunsch, J.},
title = {Generalized {P}rice's law on fractional-order asymptotically flat stationary spacetimes},
year = {2021},
note = {preprint, arXiv:2105.02305},
}

@phdthesis{Perry,
    title    = {Localized energy estimates for wave equations exterior to non-star-shaped obstacles},
    school   = {University of North Carolina at Chapel Hill},
    author   = {Perry, J.},
    year     = {2018},
    type     = {{PhD} dissertation},
}

@article{Tat1,
author = {Tataru,  D.},
journal = {Amer. J. Math.},
number = {3},
pages = {571-634},
title = {Parametrices and Dispersive Estimates for {S}chr\"{o}dinger Operators with Variable Coefficients},
volume = {130},
year = {2008},
}


@book{T1,
address = {New York},
author = {Taylor, M. E.},
edition = {second},
publisher = {Springer},
series = {Applied Mathematical Sciences},
title = {Partial differential equations I: Basic Theory},
volume = {115},
year = {2011},
}

@book{Zw,
author = {Zworski, M.},
series = {Graduate Studies in Mathematics},
publisher = {Amer. Math. Soc.},
title = {Semiclassical Analysis},
volume = {138},
year = {2012},
}
